<record><leader>00000cas a22000007a 4500</leader><controlfield tag="001">13084993</controlfield><controlfield tag="008">860130d18901923njuwr ne      0    0eng d</controlfield><datafield ind1=" " ind2=" " tag="010"><subfield code="a">sn 85035855 </subfield></datafield><datafield ind1=" " ind2=" " tag="040"><subfield code="a">NPA</subfield><subfield code="b">eng</subfield><subfield code="c">NPA</subfield><subfield code="d">NJW</subfield><subfield code="d">OCLCQ</subfield></datafield><datafield ind1=" " ind2=" " tag="042"><subfield code="a">msc</subfield></datafield><datafield ind1="0" ind2="0" tag="245"><subfield code="a">Summit herald.</subfield></datafield><datafield ind1=" " ind2=" " tag="260"><subfield code="a">Summit, N.J. :</subfield><subfield code="b">John W. Clift</subfield></datafield><datafield ind1=" " ind2=" " tag="300"><subfield code="a">v. :</subfield><subfield code="b">ill. (chiefly advertisements) ;</subfield><subfield code="c">66 cm.</subfield></datafield><datafield ind1=" " ind2=" " tag="310"><subfield code="a">Weekly</subfield></datafield><datafield ind1="1" ind2=" " tag="362"><subfield code="a">Began in 1890; ceased with May 4, 1923 issue.</subfield><subfield code="z">Cf. Wright, W.C. and Stellhorn, P.A. Direct. of N.J. newspapers.</subfield></datafield><datafield ind1=" " ind2=" " tag="588"><subfield code="a">Description based on: Vol. 8, no. 50 (Oct. 9, 1897).</subfield></datafield><datafield ind1=" " ind2=" " tag="752"><subfield code="a">United States</subfield><subfield code="b">New Jersey</subfield><subfield code="c">Union</subfield><subfield code="d">Summit.</subfield></datafield><datafield ind1="0" ind2="7" tag="785"><subfield code="t">Summit record</subfield><subfield code="w">(DLC)sn 85035856</subfield><subfield code="w">(OCoLC)13084996</subfield></datafield><datafield ind1="0" ind2="7" tag="785"><subfield code="t">Summit herald and Summit record</subfield><subfield code="w">(DLC)sn 86077301</subfield><subfield code="w">(OCoLC)15370087</subfield></datafield></record>